@article{Kobyzev_2020,
   title={Normalizing Flows: An Introduction and Review of Current Methods},
   ISSN={1939-3539},
   url={http://dx.doi.org/10.1109/TPAMI.2020.2992934},
   DOI={10.1109/tpami.2020.2992934},
   journal={IEEE Transactions on Pattern Analysis and Machine Intelligence},
   publisher={Institute of Electrical and Electronics Engineers (IEEE)},
   author={Kobyzev, Ivan and Prince, Simon and Brubaker, Marcus},
   year={2020},
   pages={1–1}
}

@article{WY,
	title={The WY Representation for Products of Householder Matrices},
	url={https://ecommons.cornell.edu/handle/1813/6521},
	journal={computer science; technical report},
	publisher={Cornell University},
	author={Bischof, Christian H.; Van Loan, Charles},
	year={1985},
}

@article{fast_hm,
	title={Faster Orthogonal Parameterization with Householder Matrices},
	url={https://invertibleworkshop.github.io/accepted_papers/pdfs/10.pdf},
	publisher={ICML Workshop on Invertyible Neural Networks, Normalizing Flows, and Explicit Likelihood Models},
	author={Alexander Mathiasen, Frederik Hvilshø, Jakob Rødsgaard Jørgensen, Anshul Nasery, Davide Mottin},
	year={2020},
}

 @misc{wiki:vc,
	author = "{Wikipedia contributors}",
	title = "Substitution for multiple variables --- {W}ikipedia{,} The Free Encyclopedia",
	year = "2020",
	url = "https://en.wikipedia.org/wiki/Integration_by_substitution#Substitution_for_multiple_variables",
	note = "[Online; accessed 13-Sptember-2020]"
}